@article{art1,
  title={使用光栅单色仪测量红宝石晶体的吸收和发射光谱},
  author={朱玲，郑虹，王中平，张权，张增明，孙腊珍},
  journal={物理实验},
  issue={第11期},
  pages={10-13},
  year={2014},
}