@article{art1,
  title   = {一维光栅的阿贝成像原理及空间滤波的研究},
  author  = {胡斌，熊畅，唐芳，李朝荣，黄江},
  journal = {大学物理实验},
  issue   = {第5期},
  pages   = {4-7},
  year    = {2017}
}

@book{bk1,
  author    = {苏显渝、李继陶},
  publisher = {科学出版社},
  title     = {信息光学},
  year      = {2001},
  address = {北京}
}

@book{bk2,
  author         = {宋菲君},
  publisher      = {北京大学出版社},
  title          = {近代光学信息处理},
  year           = {2001},
  address = {北京}
}

@phdthesis{赵青青2017生物光信息处理技术研究,
  title={生物光信息处理技术研究},
  author={赵青青},
  school={中国科学院大学(中国科学院上海技术物理研究所)},
  year={2017},
}

@article{art2,
  title={阿贝成像原理与空间滤波实验的改进研究},
  author={邹俭英，李洪宇},
  journal={大学物理实验},
  issue={第6期},
  pages={88-91},
  year={2018},
}



