@article{art1,
title={TN 型液晶光开关视角特性的实验研究},
author={荆鹏，王伟},
journal={科技创新与应用},
issue={第7期},
pages={74-76},
year={2021},
}

