@book{bk1,
  title={Basic Electricity},
  author={Bureau of Naval Personnel},
  publisher={Courier Dover Publications},
  year={1970},
  pages={114}
}

@book{bk2,
  title={新编基础物理实验},
  author={吕斯骅，段家好},
  publisher={高等教育出版社},
  year={2006},
  pages={147-150}
}

@article{art1,
  title={应用非平衡电桥测量电阻实验的研究},
  author={李林，徐泽红，吴新全},
  journal={实验技术和管理},
  volume={24},
  number={3},
  pages={31--34},
  year={2007},
  publisher={实验技术和管理编辑部}
}