@book{bk1,
  title={近代物理学},
  author={徐克尊，陈向军，陈宏芳},
  publisher={中国科学技术大学出版社},
  year={2019},
  pages={9-14}
}

@book{bk2,
  title={原子物理学},
  author={褚圣麟},
  publisher={高等教育出版社},
  year={1979},
  pages={8-19}
}

@article{art1,
    author  =   {王军延，李丽霞},
    title   =   {α粒子散射的量子力学研究},
    journal =   {高师理科学刊},
    volume  =   {26},
    number  =   {1},
    pages   =   {39--41},
    year    =   {2006}
}

@article{art2,
    author  =   {马晓栋，韩峰},
    title   =   {关于卢瑟福散射公式中小角散射问题},
    journal =   {新疆师范大学学报},
    volume  =   {17},
    number  =   {1},
    pages   =   {20--25},
    year    =   {1998}
}